<?xml version="1.0" encoding="UTF-8"?><collection xmlns="http://www.loc.gov/MARC21/slim"><record><leader>00372nam--2200145-i-4500</leader><controlfield tag="001">000046358</controlfield><controlfield tag="002">20161230</controlfield><controlfield tag="005">20161230201045</controlfield><controlfield tag="008">060222s1000------------r-----000-0-eng-d</controlfield><datafield ind1=" " ind2=" " tag="080"><subfield code="a">541</subfield></datafield><datafield ind1=" " ind2=" " tag="100"><subfield code="a">Urch, D.S</subfield></datafield><datafield ind1=" " ind2=" " tag="245"><subfield code="a">Orbitals and symmetry</subfield></datafield><datafield ind1=" " ind2=" " tag="260"><subfield code="a">Middlesex, Penguin Books, 1970, 256p</subfield></datafield><datafield ind1=" " ind2=" " tag="490"><subfield code="a">Penguin Library Of Physical Sciences: Chemistry</subfield></datafield><datafield ind1=" " ind2=" " tag="852"><subfield code="a">35052</subfield></datafield></record></collection>